<record><leader>00000cas a22000007a 4500</leader><controlfield tag="001">17220889</controlfield><controlfield tag="008">871211d19111923txuwr ne      0    0eng d</controlfield><datafield ind1=" " ind2=" " tag="010"><subfield code="a">sn 87091275 </subfield></datafield><datafield ind1=" " ind2=" " tag="040"><subfield code="a">PPM</subfield><subfield code="b">eng</subfield><subfield code="c">PPM</subfield><subfield code="d">NSD</subfield><subfield code="d">PPM</subfield><subfield code="d">OCLCQ</subfield></datafield><datafield ind1=" " ind2=" " tag="042"><subfield code="a">msc</subfield></datafield><datafield ind1="0" ind2=" " tag="130"><subfield code="a">Belton journal (Belton, Tex. : 1911)</subfield></datafield><datafield ind1="1" ind2="4" tag="245"><subfield code="a">The Belton journal.</subfield></datafield><datafield ind1=" " ind2=" " tag="260"><subfield code="a">Belton, Tex. :</subfield><subfield code="b">O.P. Pyle</subfield></datafield><datafield ind1=" " ind2=" " tag="310"><subfield code="a">Weekly</subfield></datafield><datafield ind1="1" ind2=" " tag="362"><subfield code="a">Began in 1911?</subfield></datafield><datafield ind1="0" ind2=" " tag="362"><subfield code="a">-v. 67, no. 42 (Mar. 1, 1923).</subfield></datafield><datafield ind1=" " ind2=" " tag="588"><subfield code="a">Description based on: Vol. 45, no. 22 (June 15, 1911).</subfield></datafield><datafield ind1=" " ind2=" " tag="752"><subfield code="a">United States</subfield><subfield code="b">Texas</subfield><subfield code="c">Bell</subfield><subfield code="d">Belton.</subfield></datafield><datafield ind1="0" ind2=" " tag="775"><subfield code="t">Belton daily journal</subfield><subfield code="w">(DLC)sn 87091272</subfield></datafield><datafield ind1="0" ind2="0" tag="780"><subfield code="t">Journal-reporter</subfield><subfield code="w">(DLC)sn 86088363</subfield></datafield><datafield ind1="0" ind2="5" tag="780"><subfield code="t">Bell County Democrat</subfield><subfield code="w">(DLC)sn 86088342</subfield></datafield><datafield ind1="0" ind2="0" tag="785"><subfield code="t">Belton journal and Bell County Democrat</subfield><subfield code="w">(DLC)sn 86088356</subfield><subfield code="w">(OCoLC)13997106</subfield></datafield><datafield ind1="1" ind2=" " tag="029"><subfield code="a">AU@</subfield><subfield code="b">000025837249</subfield></datafield></record>